@inproceedings{Murata,
author = {Murata, T. and Ishibuchi, H.},
booktitle = {Proc. 1995 IEEE Int. Conf. Evol. Comput.},
doi = {10.1109/ICEC.1995.489161},
isbn = {0-7803-2759-4},
mendeley-groups = {Enhancement SIL},
pages = {289},
publisher = {IEEE},
title = {{MOGA: multi-objective genetic algorithms}},
url = {http://ieeexplore.ieee.org/document/489161/},
volume = {1},
year = {1995}
}